
@misc{Authors14,
 author = {Mnih, Volodymyr et al.},
 title = {Playing Atari With Deep Reinforcement Learning},
 year = 2013
}


@article{Alpher02,
author = {Mnih, Volodymyr et al.},
title = {Human-Level Control Through Deep Reinforcement Learning},
journal = {Nature},
volume = 518, 
number = 7540, 
pages = {529 -- 533}, 
year = 2015
}

@article{Alpher03,
author = {A. Alpher and  J.~P.~N. Fotheringham-Smythe},
title = {Frobnication revisited},
journal = {Journal of Foo},
volume = 13, 
number = 1, 
pages = {234--778}, 
year = 2003
}

@article{Alpher04,
author = {A. Alpher and J.~P.~N. Fotheringham-Smythe and G. Gamow},
title = {Can a machine frobnicate?},
journal = {Journal of Foo},
volume = 14, 
number = 1, 
pages = {234--778}, 
year = 2004
}
